<record><leader>00000cas a22000007a 4500</leader><controlfield tag="001">10187319</controlfield><controlfield tag="008">831205d19001901ksuwr ne      0   a0eng d</controlfield><datafield ind1=" " ind2=" " tag="010"><subfield code="a">sn 83040843 </subfield></datafield><datafield ind1=" " ind2=" " tag="040"><subfield code="a">KSH</subfield><subfield code="b">eng</subfield><subfield code="c">KSH</subfield><subfield code="d">NPT</subfield><subfield code="d">OCLCQ</subfield></datafield><datafield ind1=" " ind2=" " tag="042"><subfield code="a">msc</subfield></datafield><datafield ind1=" " ind2=" " tag="043"><subfield code="a">n-us-ks</subfield></datafield><datafield ind1="0" ind2="4" tag="245"><subfield code="a">The Empire-daylight.</subfield></datafield><datafield ind1=" " ind2=" " tag="260"><subfield code="a">Concordia, Kan. :</subfield><subfield code="b">T.A. Sawhill &amp; J.A. Marshall,</subfield><subfield code="c">1900-1901.</subfield></datafield><datafield ind1=" " ind2=" " tag="300"><subfield code="a">2 v. :</subfield><subfield code="b">ill. ;</subfield><subfield code="c">56 cm.</subfield></datafield><datafield ind1=" " ind2=" " tag="310"><subfield code="a">Weekly</subfield></datafield><datafield ind1="0" ind2=" " tag="362"><subfield code="a">Vol. 30, no. 35 (Feb. 1, 1900)-v. 31, no. 35 (Feb. 14, 1901).</subfield></datafield><datafield ind1=" " ind2=" " tag="530"><subfield code="a">Available on microfilm from Micro Photo.</subfield></datafield><datafield ind1=" " ind2=" " tag="752"><subfield code="a">United States</subfield><subfield code="b">Kansas</subfield><subfield code="c">Cloud</subfield><subfield code="d">Concordia.</subfield></datafield><datafield ind1="0" ind2="4" tag="780"><subfield code="t">Concordia empire (Concordia, Kan. : 1887)</subfield><subfield code="w">(DLC)sn 83040840</subfield></datafield><datafield ind1="0" ind2="4" tag="780"><subfield code="t">Concordia daylight</subfield><subfield code="w">(DLC)sn 83040986</subfield></datafield><datafield ind1="0" ind2="0" tag="785"><subfield code="t">Concordia empire (Concordia, Kan. : 1901)</subfield><subfield code="w">(DLC)sn 83040846</subfield></datafield></record>